@manual{espMan,
    howpublished =  {Online},
    publisher = {Espressif},
    url =       {https://docs.espressif.com/projects/esp-idf/en/latest/esp32/api-reference},
    author =    {Espressif},
    title =     {API Reference},
    abstract =  {This document describes conventions and assumptions common to ESP-IDF Application Programming Interfaces (APIs).},
}

@manual{cidloMan,
    howpublished =  {Online},
    publisher = {Texas Instruments},
    url =       {https://www.ti.com/lit/ds/symlink/lmt85.pdf},
    author =    {Texas Instruments},
    title =     {LMT85 1.8-V, SC70/TO-92/TO-92S, Analog Temperature Sensors},
    abstract =  {Analog Temperature Sensors datashee},
}
